@INPROCEEDINGS{8595064,
author={Li, Yuhang and Ying, Shi and Jia, Xiangyang and Xu, Yisen and Zhao, Lily and Cheng, Guoli and Wang, Bingming and Xuan, Jifeng},
  booktitle={Proceedings of the 23rd International Conference on Engineering of Complex Computer Systems (ICECCS)},
  title={EH-Recommender: Recommending Exception Handling Strategies Based on Program Context},
  year={2018},
  volume={},
  number={},
  pages={104-114},
  doi={10.1109/ICECCS2018.2018.00019}}
  
 @INPROCEEDINGS{9462986,
  author={Jia, Xiangyang and Chen, Songqiang and Zhou, Xingqi and Li, Xintong and Yu, Run and Chen, Xu and Xuan, Jifeng},
  booktitle={Proceedings of the 29th IEEE/ACM International Conference on Program Comprehension (ICPC)}, 
  title={Where to Handle an Exception? Recommending Exception Handling Locations from a Global Perspective}, 
  year={2021},
  volume={},
  number={},
  pages={369-380},
  doi={10.1109/ICPC52881.2021.00042}}

@INPROCEEDINGS{9700190,
  author={Lin, Kai and Tao, Chuanqi and Huang, Zhiqiu},
  booktitle={Proceedings of the IEEE International Symposium on Software Reliability Engineering Workshops (ISSREW)},
  title={Exception Handling Recommendation Based on Self-Attention Network},
  year={2021},
  volume={},
  number={},
  pages={282-283},
  doi={10.1109/ISSREW53611.2021.00080}}
  